@article{LSJ,
year={2013},
author = "Ferrari, Mauro and Fiorentini, Camillo and Fiorino, Guido",
doi = "10.1007/s10817-012-9252-7",
issn = "0168-7433",
journal = "Journal of Automated Reasoning",
keywords = "Intuitionistic propositional logic; Sequent calculi; Subformula property; Decision procedures; Counter-models generation",
language = "English",
number = "2",
pages = "129-149",
publisher = "Springer Netherlands",
title = "{Contraction-Free Linear Depth Sequent Calculi for Intuitionistic Propositional Logic with the Subformula Property and Minimal Depth Counter-Models}",
url = "http://dx.doi.org/10.1007/s10817-012-9252-7",
volume = "51"
}