%% This BibTeX bibliography file was created using BibDesk.
%% http://bibdesk.sourceforge.net/


%% Created for Mirentchu GALLOIS at 2014-08-20 17:22:35 +0200 


%% Saved with string encoding Unicode (UTF-8) 


@article{LSJ,
	Author = {Ferrari, Mauro and Fiorentini, Camillo and Fiorino, Guido},
	Doi = {10.1007/s10817-012-9252-7},
	Issn = {0168-7433},
	Journal = {Journal of Automated Reasoning},
	Keywords = {Intuitionistic propositional logic; Sequent calculi; Subformula property; Decision procedures; Counter-models generation},
	Language = {English},
	Number = {2},
	Pages = {129-149},
	Publisher = {Springer Netherlands},
	Title = {{Contraction-Free Linear Depth Sequent Calculi for Intuitionistic Propositional Logic with the Subformula Property and Minimal Depth Counter-Models}},
	Url = {http://dx.doi.org/10.1007/s10817-012-9252-7},
	Volume = {51},
	Year = {2013},
	Bdsk-Url-1 = {http://dx.doi.org/10.1007/s10817-012-9252-7}}

@article{LJT,
	Added-At = {2010-07-21T15:46:05.000+0200},
	Author = {Dyckhoff, Roy},
	Biburl = {http://www.bibsonomy.org/bibtex/2f6e0d9adf82100743629f130f86d3086/dblp},
	Date = {2010-04-23},
	Date-Added = {2014-08-20 15:20:45 +0000},
	Date-Modified = {2014-08-20 15:21:19 +0000},
	Ee = {http://projecteuclid.org/euclid.jsl/1183744040},
	Interhash = {800418f97b572d2d6ca511e807734db9},
	Intrahash = {f6e0d9adf82100743629f130f86d3086},
	Journal = {J. Symb. Log.},
	Keywords = {dblp},
	Number = 3,
	Pages = {795-807},
	Timestamp = {2010-07-21T15:46:05.000+0200},
	Title = {Contraction-Free Sequent Calculi for Intuitionistic Logic.},
	Url = {http://dblp.uni-trier.de/db/journals/jsyml/jsyml57.html#Dyckhoff92},
	Volume = 57,
	Year = 1992,
	Bdsk-Url-1 = {http://dblp.uni-trier.de/db/journals/jsyml/jsyml57.html#Dyckhoff92}}


%%


@incollection{LJloop,
	author = "Howe, Jacob M",
	booktitle = "{Automated Reasoning with Analytic Tableaux and Related Methods}",
	pages = "188--200",
	publisher = "Springer",
	title = "{Two loop detection mechanisms: a comparison}",
	year = "1997"
}

@misc{ILTP,
	author = "Raths, Thomas and Otten, Jens and Kreitz, Christoph",
	title = "{The ILTP Library}",
	howpublished = "\url{http://www.cs.uni-potsdam.de/ti/iltp/}"
}

@phdthesis{theseDLW,
	author = "Larchey-Wendling, Dominique",
	note = "Th. doct. : informatique",
	school = "Nancy 1",
	title = "{Preuves, r{\'e}futations et contre-mod{\`e}les dans des logiques intuitionnistes}",
	url = "http://opac.inria.fr/record=b1068759",
	year = 2000
}

@techreport{STRIP,
    hal_id = {inria-00099328},
    url = {http://hal.inria.fr/inria-00099328},
    title = {{STRIP: Structural sharing and intuitionistic proof-search}},
    author = {Galmiche, Didier and Larchey-Wendling, Dominique and M{\'e}ry, Daniel},
    abstract = {{The STRIP system is an intuitionistic theorem prover, based on a duplication free logical system for intuitionistic propositional logic (IPL), in which the structural sharing management leads to efficient implementations of proof-search in an imperative language. For a given formula or sequent, STRIP builds a proof if it is provable or a counter-model if not.}},
    keywords = {intuitionistic logic; sharing; duplication; countermodels || logique intuitionniste; partage; duplication; contre-mod{\`e}les},
    language = {English},
    affiliation = {TYPES - LORIA},
    pages = {5 p},
    type = {Interne},
    number = {A00-R-342 || galmiche00h},
    note = {Rapport interne.},
    year = {2000},
}



%%
%% m√©moire
%%

@article{panorama,
  title={Categorical semantics of linear logic},
  author={Melli{\`e}s, Paul-Andr{\'e}},
  journal={Panoramas et Syntheses},
  volume={27},
  pages={15--215},
  year={2009},
  publisher={Citeseer}
}

@inproceedings{synsem,
 author = {Girard, Jean-Yves},
 title = {Linear Logic: Its Syntax and Semantics},
 booktitle = {Proceedings of the Workshop on Advances in Linear Logic},
 year = {1995},
 isbn = {0-521-55961-8},
 pages = {1--42},
 numpages = {42},
 url = {http://dl.acm.org/citation.cfm?id=212876.212880},
 acmid = {212880},
 publisher = {Cambridge University Press},
 address = {New York, NY, USA},
} 

@book{troelstra,
  title={Lectures on linear logic},
  author={Troelstra, Anne Sjerp},
  year={1992}
}

