%% This BibTeX bibliography file was created using BibDesk.
%% http://bibdesk.sourceforge.net/


%% Created for Mirentchu GALLOIS at 2014-08-20 17:22:35 +0200 


%% Saved with string encoding Unicode (UTF-8) 



@article{LJT,
	Added-At = {2010-07-21T15:46:05.000+0200},
	Author = {Dyckhoff, Roy},
	Biburl = {http://www.bibsonomy.org/bibtex/2f6e0d9adf82100743629f130f86d3086/dblp},
	Date = {2010-04-23},
	Date-Added = {2014-08-20 15:20:45 +0000},
	Date-Modified = {2014-08-20 15:21:19 +0000},
	Ee = {http://projecteuclid.org/euclid.jsl/1183744040},
	Interhash = {800418f97b572d2d6ca511e807734db9},
	Intrahash = {f6e0d9adf82100743629f130f86d3086},
	Journal = {J. Symb. Log.},
	Keywords = {dblp},
	Number = 3,
	Pages = {795-807},
	Timestamp = {2010-07-21T15:46:05.000+0200},
	Title = {Contraction-Free Sequent Calculi for Intuitionistic Logic.},
	Url = {http://dblp.uni-trier.de/db/journals/jsyml/jsyml57.html#Dyckhoff92},
	Volume = 57,
	Year = 1992,
	Bdsk-Url-1 = {http://dblp.uni-trier.de/db/journals/jsyml/jsyml57.html#Dyckhoff92}}

@article{LSJ,
	Author = {Ferrari, Mauro and Fiorentini, Camillo and Fiorino, Guido},
	Doi = {10.1007/s10817-012-9252-7},
	Issn = {0168-7433},
	Journal = {Journal of Automated Reasoning},
	Keywords = {Intuitionistic propositional logic; Sequent calculi; Subformula property; Decision procedures; Counter-models generation},
	Language = {English},
	Number = {2},
	Pages = {129-149},
	Publisher = {Springer Netherlands},
	Title = {{Contraction-Free Linear Depth Sequent Calculi for Intuitionistic Propositional Logic with the Subformula Property and Minimal Depth Counter-Models}},
	Url = {http://dx.doi.org/10.1007/s10817-012-9252-7},
	Volume = {51},
	Year = {2013},
	Bdsk-Url-1 = {http://dx.doi.org/10.1007/s10817-012-9252-7}}
