%% This BibTeX bibliography file was created using BibDesk.
%% http://bibdesk.sourceforge.net/


%% Created for Mirentchu GALLOIS at 2014-06-18 16:09:15 +0200 


%% Saved with string encoding Unicode (UTF-8) 



@article{LSJ,
	Author = {Ferrari, Mauro and Fiorentini, Camillo and Fiorino, Guido},
	Date-Added = {2014-06-18 14:04:19 +0000},
	Date-Modified = {2014-06-18 14:08:24 +0000},
	Journal = {Springer Science+Business Media B.V. 2012},
	Keywords = {LSJ, sequent calculus, stage},
	Read = {0},
	Title = {Contraction-Free Linear Depth Sequent Calculi for Intuitionistic Propositional Logic with the Subformula Property and Minimal Depth Counter-Models},
	Year = {2012},
	Bdsk-File-1 = {YnBsaXN0MDDUAQIDBAUGJCVYJHZlcnNpb25YJG9iamVjdHNZJGFyY2hpdmVyVCR0b3ASAAGGoKgHCBMUFRYaIVUkbnVsbNMJCgsMDRBWJGNsYXNzV05TLmtleXNaTlMub2JqZWN0c4AHog4PgAKAA6IREoAEgAVccmVsYXRpdmVQYXRoWWFsaWFzRGF0YV8QGC4uL0Rlc2t0b3AvU3RhZ2UvTFNKLnBkZtIJFxgZV05TLmRhdGGABk8RAXgAAAAAAXgAAgAADE1hY2ludG9zaCBIRAAAAAAAAAAAAAAAAAAAAMmnlV9IKwAAASOdGAdMU0oucGRmAAAAAAAAAAAAAAAAAAAAAAAAAAAAAAAAAAAAAAAAAAAAAAAAAAAAAAAAAAAAAAAAAAAAAAAAAAABEMYJzymIpgAAAAAAAAAAAAEAAwAACSAAAAAAAAAAAAAAAAAAAAAFU3RhZ2UAABAACAAAyaeHTwAAABEACAAAzyl6lgAAAAEAEAEjnRgACGZyAAhmZwAAmDkAAgA5TWFjaW50b3NoIEhEOlVzZXJzOgByZWluZWdhbGxvaXM6AERlc2t0b3A6AFN0YWdlOgBMU0oucGRmAAAOABAABwBMAFMASgAuAHAAZABmAA8AGgAMAE0AYQBjAGkAbgB0AG8AcwBoACAASABEABIAKFVzZXJzL3JlaW5lZ2FsbG9pcy9EZXNrdG9wL1N0YWdlL0xTSi5wZGYAEwABLwAAFQACABP//wAA0hscHR5aJGNsYXNzbmFtZVgkY2xhc3Nlc11OU011dGFibGVEYXRhox0fIFZOU0RhdGFYTlNPYmplY3TSGxwiI1xOU0RpY3Rpb25hcnmiIiBfEA9OU0tleWVkQXJjaGl2ZXLRJidUcm9vdIABAAgAEQAaACMALQAyADcAQABGAE0AVABcAGcAaQBsAG4AcABzAHUAdwCEAI4AqQCuALYAuAI0AjkCRAJNAlsCXwJmAm8CdAKBAoQClgKZAp4AAAAAAAACAQAAAAAAAAAoAAAAAAAAAAAAAAAAAAACoA==}}
